<?xml version="1.0" encoding="UTF-8"?><collection xmlns="http://www.loc.gov/MARC21/slim"><record><leader>00367nam--2200133-i-4500</leader><controlfield tag="001">000012923</controlfield><controlfield tag="002">20161230</controlfield><controlfield tag="005">20161230201030</controlfield><controlfield tag="008">060222s1000------------r-----000-0-eng-d</controlfield><datafield ind1=" " ind2=" " tag="245"><subfield code="a">Nuclear medicine physics, instrumentation and agents</subfield></datafield><datafield ind1=" " ind2=" " tag="260"><subfield code="a">Saint Louis, The C.V.Mosby Co., 1977</subfield></datafield><datafield ind1=" " ind2=" " tag="490"><subfield code="a">Xiv+698p</subfield></datafield><datafield ind1=" " ind2=" " tag="700"><subfield code="a">David Rollo, F./S.A.</subfield></datafield><datafield ind1=" " ind2=" " tag="852"><subfield code="a">616-07:621.039.83</subfield></datafield></record></collection>